@book{mankiw2011principles,
  title={Principles of economics},
  author={Mankiw, N.G.},
  year={2011},
  publisher={South-Western Pub}
}

@article{barclay1999effects,
  title={Effects of market reform on the trading costs and depths of Nasdaq stocks},
  author={Barclay, M.J. and Christie, W.G. and Harris, J.H. and Kandel, E. and Schultz, P.H.},
  journal={The Journal of Finance},
  volume={54},
  number={1},
  pages={1--34},
  year={1999},
  publisher={Wiley Online Library}
}

@article{glosten1985bid,
  title={Bid, ask and transaction prices in a specialist market with heterogeneously informed traders},
  author={Glosten, L.R. and Milgrom, P.R.},
  journal={Journal of financial economics},
  volume={14},
  number={1},
  pages={71--100},
  year={1985},
  publisher={Elsevier}
}

@article{ho1981optimal,
  title={Optimal dealer pricing under transactions and return uncertainty},
  author={Ho, T. and Stoll, H.R.},
  journal={Journal of Financial economics},
  volume={9},
  number={1},
  pages={47--73},
  year={1981},
  publisher={Elsevier}
}

@article{seppi1997liquidity,
  title={Liquidity provision with limit orders and a strategic specialist},
  author={Seppi, D.J.},
  journal={Review of Financial Studies},
  volume={10},
  number={1},
  pages={103--150},
  year={1997},
  publisher={Soc Financial Studies}
}

@book{azoff1994neural,
  title={Neural network time series forecasting of financial markets},
  author={Azoff, E.M.},
  year={1994},
  publisher={John Wiley \& Sons, Inc.}
}

@book{hamilton1994time,
  title={Time series analysis},
  author={Hamilton, J.D.},
  volume={2},
  year={1994},
  publisher={Cambridge Univ Press}
}

@book{brockwell2009time,
  title={Time series: theory and methods},
  author={Brockwell, P.J. and Davis, R.A.},
  year={2009},
  publisher={springer Verlag}
}
